% Encoding: UTF-8

@inproceedings{gender-bias-github,
author = {Imtiaz, Nasif and Middleton, Justin and Chakraborty, Joymallya and Robson, Neill and Bai, Gina and Murphy-Hill, Emerson},
title = {Investigating the Effects of Gender Bias on GitHub},
year = {2019},
publisher = {IEEE Press},
url = {https://doi.org/10.1109/ICSE.2019.00079},
doi = {10.1109/ICSE.2019.00079},
booktitle = {Proceedings of the 41st International Conference on Software Engineering},
pages = {700–711},
numpages = {12},
keywords = {open source, gender, GitHub},
location = {Montreal, Quebec, Canada},
series = {ICSE ’19}
}
 
@inproceedings{competence-confidence-gap,
author = {Wang, Zhendong and Wang, Yi and Redmiles, David},
title = {Competence-Confidence Gap: A Threat to Female Developers’ Contribution on Github},
year = {2018},
isbn = {9781450356619},
publisher = {Association for Computing Machinery},
address = {New York, NY, USA},
url = {https://doi.org/10.1145/3183428.3183437},
doi = {10.1145/3183428.3183437},
booktitle = {Proceedings of the 40th International Conference on Software Engineering: Software Engineering in Society},
pages = {81–90},
numpages = {10},
keywords = {competence-confidence gap, female developers, github, granger causality},
location = {Gothenburg, Sweden},
series = {ICSE-SEIS ’18}
}

@misc{education-austria,
  title = {Education in Austria},
  howpublished = {\url{https://www.statistik.at/web_de/statistiken/menschen_und_gesellschaft/soziales/gender-statistik/bildung/index.html}},
  note = {Accessed: 2020-02-07}
}
 
@article{how-diverse-team,
author = {Ortu, Marco and Destefanis, Giuseppe and Counsell, Steve and Swift, Stephen and Tonelli, Roberto and Marchesi, Michele},
year = {2016},
month = {07},
pages = {},
title = {How Diverse Is Your Team? Investigating Gender and Nationality Diversity in GitHub Teams},
journal = {PeerJ},
doi = {10.7287/peerj.preprints.2285v1}
}

@article{gender-stereotypes,
author = {Heilman, Madeline},
year = {2012},
month = {12},
pages = {113–135},
title = {Gender stereotypes and workplace bias},
volume = {32},
journal = {Research in Organizational Behavior},
doi = {10.1016/j.riob.2012.11.003}
}

@article{prescriptive-gender-stereotypes,
author = {Rudman, Laurie and Glick, Peter},
year = {2002},
month = {12},
pages = {743 - 762},
title = {Prescriptive Gender Stereotypes and Backlash Toward Agentic Women},
volume = {57},
journal = {Journal of Social Issues},
doi = {10.1111/0022-4537.00239}
}

@inproceedings{social-barriers-newcomer,
author = {Steinmacher, Igor and Conte, Tayana and Redmiles, David and Gerosa, Marco Aurelio},
year = {2015},
month = {03},
pages = {},
title = {Social Barriers Faced by Newcomers Placing Their First Contribution in Open Source Software Projects},
doi = {10.1145/2675133.2675215}
}

 @inproceedings{open-source-barriers,
author = {Mendez, Christopher and Burnett, Margaret and Padala, Hema and Steine-Hanson, Zoe and Hilderbrand, Claudia and Horvath, Amber and Hill, Charles and Simpson, Logan and Patil, Nupoor and Sarma, Anita},
year = {2018},
month = {05},
pages = {1004-1015},
title = {Open source barriers to entry, revisited: a sociotechnical perspective},
doi = {10.1145/3180155.3180241}
}

@inproceedings{gender-tenure-diversity,
author = {Vasilescu, Bogdan and Posnett, Daryl and Ray, Baishakhi and van den Brand, Mark G.J. and Serebrenik, Alexander and Devanbu, Premkumar and Filkov, Vladimir},
title = {Gender and Tenure Diversity in GitHub Teams},
year = {2015},
isbn = {9781450331456},
publisher = {Association for Computing Machinery},
address = {New York, NY, USA},
url = {https://doi.org/10.1145/2702123.2702549},
doi = {10.1145/2702123.2702549},
booktitle = {Proceedings of the 33rd Annual ACM Conference on Human Factors in Computing Systems},
pages = {3789–3798},
numpages = {10},
keywords = {open source, gender, github, diversity, productivity},
location = {Seoul, Republic of Korea},
series = {CHI ’15}
}

@article{pair-programming,
author = {Werner, Linda and Hanks, Brian and Mcdowell, Charles},
year = {2004},
month = {03},
pages = {},
title = {Pair-Programming Helps Female Computer Science Students},
volume = {4},
journal = {ACM Journal of Educational Resources in Computing},
doi = {10.1145/1060071.1060075}
}

@inproceedings{women-floss,
author = {Robles, Gregorio and Reina, Laura and Gonzalez-Barahona, Jesus and Domínguez, Santiago},
year = {2016},
month = {05},
pages = {163-173},
title = {Women in Free/Libre/Open Source Software: The Situation in the 2010s},
isbn = {978-3-319-39224-0},
doi = {10.1007/978-3-319-39225-7_13}
}
 
@article{pull-acceptance-women,
author = {Terrell, Josh and Kofink, Andrew and Middleton, Justin and Rainear, Clarissa and Murphy-Hill, Emerson and Parnin, Chris and Stallings, Jon},
year = {2017},
month = {05},
pages = {e111},
title = {Gender differences and bias in open source: Pull request acceptance of women versus men},
volume = {3},
journal = {PeerJ Computer Science},
doi = {10.7717/peerj-cs.111}
}

@inproceedings{computer-science-women, 
title={Where have all the girls gone? What Entices Female Students to Apply for Computer Science Degrees}, 
author={Janet Carter and Tony Jenkins},
 year={2001} 
}

@Comment{jabref-meta: databaseType:bibtex;}
